<collection>
<record>
<leader>05308cpcaa22007337a 4500</leader>
<controlfield tag="001">13921369</controlfield>
<controlfield tag="005">20200717100558.0</controlfield>
<controlfield tag="008">050405i20012002dcu eng </controlfield>
<datafield ind1=" " ind2=" " tag="906">
<subfield code="a">7</subfield>
<subfield code="b">cbc</subfield>
<subfield code="c">orignew</subfield>
<subfield code="d">u</subfield>
<subfield code="e">ncip</subfield>
<subfield code="f">20</subfield>
<subfield code="g">y-folklife</subfield>
</datafield>
<datafield ind1=" " ind2=" " tag="955">
<subfield code="a">mkru 2005-04-05; mkru 2010-01-21</subfield>
<subfield code="a">mseg 2014-04-10</subfield>
<subfield code="a">mseg 2014-05-29</subfield>
<subfield code="a">mseg 2014-06-10</subfield>
<subfield code="a">kere 2020-03-09</subfield>
<subfield code="a">ahoo 2020-05-08</subfield>
<subfield code="a">masmit 2020-07-07</subfield>
</datafield>
<datafield ind1=" " ind2=" " tag="010">
<subfield code="a"> 2005700220</subfield>
<subfield code="z"> 2005615835</subfield>
</datafield>
<datafield ind1=" " ind2=" " tag="040">
<subfield code="a">DLC</subfield>
<subfield code="c">DLC</subfield>
<subfield code="e">dacs</subfield>
<subfield code="d">DLC</subfield>
</datafield>
<datafield ind1=" " ind2=" " tag="041">
<subfield code="a">eng</subfield>
<subfield code="d">eng</subfield>
<subfield code="d">spa</subfield>
</datafield>
<datafield ind1=" " ind2=" " tag="043">
<subfield code="a">n-us---</subfield>
<subfield code="a">e-it---</subfield>
</datafield>
<datafield ind1=" " ind2=" " tag="090">
<subfield code="a">
RGB 8605; RYO 4731-4785; RYO 5501-5800; RYO 6273-6284
</subfield>
</datafield>
<datafield ind1=" " ind2=" " tag="090">
<subfield code="a">AFC 2001/015</subfield>
</datafield>
<datafield ind1="0" ind2="0" tag="245">
<subfield code="a">September 11, 2001 documentary project collection,</subfield>
<subfield code="f">2001-2002 /</subfield>
<subfield code="c">collected by the American Folklife Center.</subfield>
</datafield>
<datafield ind1="1" ind2=" " tag="246">
<subfield code="a">September 11, 2001 documentary project,</subfield>
<subfield code="f">2001-2002.</subfield>
</datafield>
<datafield ind1=" " ind2=" " tag="300">
<subfield code="a">8,980</subfield>
<subfield code="f">items.</subfield>
</datafield>
<datafield ind1=" " ind2=" " tag="300">
<subfield code="a">47</subfield>
<subfield code="f">boxes ;</subfield>
<subfield code="a">33</subfield>
<subfield code="f">linear feet.</subfield>
</datafield>
<datafield ind1=" " ind2=" " tag="300">
<subfield code="3">manuscripts</subfield>
<subfield code="a">8,100 pages.</subfield>
</datafield>
<datafield ind1=" " ind2=" " tag="300">
<subfield code="3">sound recordings</subfield>
<subfield code="a">386 audio cassettes :</subfield>
<subfield code="b">analog and digital.</subfield>
</datafield>
<datafield ind1=" " ind2=" " tag="300">
<subfield code="3">graphic materials</subfield>
<subfield code="a">421 photographs :</subfield>
<subfield code="b">
photographic prints, negatives, contact sheets, slides, posters, drawings, digital files, b and w, col. ;
</subfield>
<subfield code="c">various sizes.</subfield>
</datafield>
<datafield ind1=" " ind2=" " tag="300">
<subfield code="3">moving images</subfield>
<subfield code="a">
20 moving image items (8 VHS; 9 Compact VHS; 2 mini DV; 1 P6-60) :
</subfield>
<subfield code="b">col., sd.</subfield>
</datafield>
<datafield ind1=" " ind2=" " tag="300">
<subfield code="3">electronic media</subfield>
<subfield code="a">15 items :</subfield>
<subfield code="b">various formats.</subfield>
</datafield>
<datafield ind1=" " ind2=" " tag="300">
<subfield code="3">artifacts</subfield>
<subfield code="a">38 items.</subfield>
</datafield>
<datafield ind1=" " ind2=" " tag="351">
<subfield code="a">
Organized by format into the following series: I. Manuscripts; II. Sound Recordings; III. Graphic Images; IV. Moving Images; V. Electronic Media; VI. Artifacts.
</subfield>
</datafield>
<datafield ind1=" " ind2=" " tag="520">
<subfield code="a">
The collection documents reactions of ordinary citizens in the immediate aftermath of the September 11, 2001, terrorist attacks in the United States in sound and video recordings of interviews and personal narratives; as well as photographs, children's drawings, two scrapbooks, letters and e-mail, poems, ephemera, a sermon, and a few artifacts, including three United States flags. Photographs document spontaneous shrines near the Pentagon, in Arlington, Virginia; memorials in Seattle, Washington, and other locations. Some photographs also document displays of public reactions, for example, the commentaries displayed on church signage in the Atlanta, Georgia area. Some items were submitted as group projects of schools, libraries, and museums from 30 states in the U.S., and from American military service personnel and their families in Naples, Italy. The collection also includes ribbons, bumper stickers, and related miscellanea.
</subfield>
</datafield>
<datafield ind1="8" ind2=" " tag="524">
<subfield code="a">
September 11, 2001 Documentary Project Collection (AFC 2001/015), Archive of Folk Culture, American Folklife Center, Library of Congress, Washington, D.C.
</subfield>
</datafield>
<datafield ind1=" " ind2=" " tag="530">
<subfield code="a">
Significant portions of this collection are available as an American Memory online resource titled "September 11, 2001 Documentary Project" compiled by the National Digital Library Program of the Library of Congress.
</subfield>
</datafield>
<datafield ind1=" " ind2=" " tag="530">
<subfield code="a">
Some collection materials were included in a Library of Congress online exhibit, "Witness and Response: September 11 Acquisitions at the Library of Congress."
</subfield>
</datafield>
<datafield ind1="1" ind2=" " tag="506">
<subfield code="a">
Access restrictions apply; some or all content stored offsite. Please contact the Folklife Reading Room before requesting materials: folklife@loc.gov ; 202-707-5510.
</subfield>
</datafield>
<datafield ind1=" " ind2=" " tag="540">
<subfield code="a">
Duplication of the collection materials may be governed by copyright and other restrictions.
</subfield>
</datafield>
<datafield ind1=" " ind2=" " tag="545">
<subfield code="a">
The project was initiated on Sept. 12, 2001, by Ann Hoog of the American Folklife Center, who sent a notice by e-mail to folklorists and ethnographers requesting individuals and groups to record thoughts and feelings following the terrorist attacks of September 11, 2001.
</subfield>
</datafield>
<datafield ind1=" " ind2=" " tag="541">
<subfield code="3">2 additional interviews;</subfield>
<subfield code="a">Maine Folklife Center;</subfield>
<subfield code="c">Accrual</subfield>
<subfield code="d">2018</subfield>
</datafield>
<datafield ind1=" " ind2=" " tag="546">
<subfield code="a">
Most materials are in English; at least one recording is in Spanish.
</subfield>
</datafield>
<datafield ind1="0" ind2=" " tag="555">
<subfield code="a">
Finding aid is available in the Folklife Reading Room and online via the American Folklife Center web pages.
</subfield>
</datafield>
<datafield ind1=" " ind2="0" tag="650">
<subfield code="a">September 11 Terrorist Attacks, 2001</subfield>
<subfield code="v">Interviews.</subfield>
</datafield>
<datafield ind1=" " ind2="0" tag="650">
<subfield code="a">September 11 Terrorist Attacks, 2001</subfield>
<subfield code="v">Personal narratives.</subfield>
</datafield>
<datafield ind1=" " ind2="0" tag="650">
<subfield code="a">September 11 Terrorist Attacks, 2001, in art.</subfield>
</datafield>
<datafield ind1=" " ind2="0" tag="650">
<subfield code="a">September 11 Terrorist Attacks, 2001</subfield>
<subfield code="x">Religious aspects.</subfield>
</datafield>
<datafield ind1=" " ind2="0" tag="650">
<subfield code="a">September 11 Terrorist Attacks, 2001</subfield>
<subfield code="v">Poetry.</subfield>
</datafield>
<datafield ind1=" " ind2="0" tag="650">
<subfield code="a">September 11 Terrorist Attacks, 2001</subfield>
<subfield code="v">Miscellanea.</subfield>
</datafield>
<datafield ind1=" " ind2="0" tag="650">
<subfield code="a">Memorials</subfield>
<subfield code="z">United States.</subfield>
</datafield>
<datafield ind1=" " ind2="7" tag="655">
<subfield code="a">Children's art.</subfield>
<subfield code="2">aat</subfield>
</datafield>
<datafield ind1=" " ind2="7" tag="655">
<subfield code="a">Interviews.</subfield>
<subfield code="2">lcgft</subfield>
</datafield>
<datafield ind1=" " ind2="7" tag="655">
<subfield code="a">Poetry.</subfield>
<subfield code="2">lcgft</subfield>
</datafield>
<datafield ind1=" " ind2="7" tag="655">
<subfield code="a">Scrapbooks.</subfield>
<subfield code="2">aat</subfield>
</datafield>
<datafield ind1=" " ind2="7" tag="655">
<subfield code="a">Sermons.</subfield>
<subfield code="2">lcgft</subfield>
</datafield>
<datafield ind1=" " ind2="7" tag="655">
<subfield code="a">Sound recordings.</subfield>
<subfield code="2">lcgft</subfield>
</datafield>
<datafield ind1=" " ind2="7" tag="655">
<subfield code="a">Video recordings.</subfield>
<subfield code="2">lcgft</subfield>
</datafield>
<datafield ind1=" " ind2="7" tag="655">
<subfield code="a">Photographs.</subfield>
<subfield code="2">lcgft</subfield>
</datafield>
<datafield ind1=" " ind2="7" tag="655">
<subfield code="a">Manuscripts.</subfield>
<subfield code="2">aat</subfield>
</datafield>
<datafield ind1=" " ind2="7" tag="655">
<subfield code="a">Drawings.</subfield>
<subfield code="2">lcgft</subfield>
</datafield>
<datafield ind1=" " ind2="7" tag="655">
<subfield code="a">Flags.</subfield>
<subfield code="2">lcgft</subfield>
</datafield>
<datafield ind1="2" ind2=" " tag="710">
<subfield code="a">Archive of Folk Culture (Library of Congress)</subfield>
</datafield>
<datafield ind1="2" ind2=" " tag="710">
<subfield code="a">American Folklife Center,</subfield>
<subfield code="e">collector.</subfield>
</datafield>
<datafield ind1="2" ind2=" " tag="710">
<subfield code="a">Library of Congress.</subfield>
<subfield code="b">National Digital Library Program.</subfield>
</datafield>
<datafield ind1=" " ind2=" " tag="852">
<subfield code="a">DLC-AFC</subfield>
<subfield code="b">Archive of Folk Culture, American Folklife Center,</subfield>
<subfield code="e">
101 Independence Ave. S.E., Washington, DC USA 20540-4610
</subfield>
</datafield>
<datafield ind1="4" ind2="2" tag="856">
<subfield code="3">Finding aid</subfield>
<subfield code="u">http://hdl.loc.gov/loc.afc/eadafc.af005002</subfield>
</datafield>
<datafield ind1="4" ind2="1" tag="856">
<subfield code="3">Online collection</subfield>
<subfield code="u">http://hdl.loc.gov/loc.afc/collafc.af000016</subfield>
</datafield>
<datafield ind1=" " ind2=" " tag="985">
<subfield code="e">ammem</subfield>
</datafield>
<datafield ind1=" " ind2=" " tag="985">
<subfield code="a">afc/ead</subfield>
</datafield>
<datafield ind1=" " ind2=" " tag="985">
<subfield code="a">afc/coll</subfield>
</datafield>
</record>
</collection>